
@book{Anexo_I_pnatrans,
  title={Plano Nacional de Redução de Mortes e Lesões no Trânsito 2021},
  author={PNATRANS},
  year={2021},
  publisher={"Secretaria Nacional de Trânsito(SENATRAN)"}
}

@article{4cenarios_ocidental,
  title={Quatro Cenários para os Veículos Autônomos no Mundo Ocidental},
    journal = {UNIVERSIDADE DE BRASÍLIA},
  author={Cíntia Alvim Lage},
  year={2019}
}

@book{krajcik2006project,
  title={Project-based learning},
  author={Krajcik, Joseph S and Blumenfeld, Phyllis C},
  year={2006},
  publisher={na}
}

@article{beck2001manifesto,
  title={Manifesto for agile software development},
  author={Beck, Kent and Beedle, Mike and Van Bennekum, Arie and Cockburn, Alistair and Cunningham, Ward and Fowler, Martin and Grenning, James and Highsmith, Jim and Hunt, Andrew and Jeffries, Ron and others},
  year={2001}
}

@book{rj_transito,
  title={Plano Estratégico de Desenvolvimento Urbano Integrado da Região Metropolitana do Rio de Janeiro},
  author={Modelar a Metrópole},
  url={https://www.modelarametropole.com.br/wp-content/uploads/2018/09/Produto-18_Tomo-2-1.pdf},
  year={2018}
}

@article{aurelien2017hands,
  title={Hands-on-Machine-Learning-with-Scikit-2nd},
  author={Aur{\'e}lien, G{\'e}ron},
  journal={Geron Aurelien},
  year={2019}
}
