% Encoding: UTF-8

@Article{Pinheiro_Filho_2012,
  author    = {Francisco Percival Pinheiro Filho and Fl{\'{a}}via Mori Sarti},
  journal   = {Ci{\^{e}}ncia {\&} Sa{\'{u}}de Coletiva},
  title     = {Falhas de mercado e redes em pol{\'{\i}}ticas p{\'{u}}blicas: desafios e possibilidades ao Sistema {\'{U}}nico de Sa{\'{u}}de},
  year      = {2012},
  month     = {nov},
  number    = {11},
  pages     = {2981--2990},
  volume    = {17},
  doi       = {10.1590/s1413-81232012001100015},
  publisher = {{FapUNIFESP} ({SciELO})},
}

@Article{Miranda_2017,
  author    = {Gabriella Morais Duarte Miranda and Antonio da Cruz Gouveia Mendes and Ana L{\'{u}}cia Andrade da Silva},
  journal   = {Sa{\'{u}}de e Sociedade},
  title     = {O desafio da organiza{\c{c}}{\~{a}}o do Sistema {\'{U}}nico de Sa{\'{u}}de universal e resolutivo no pacto federativo brasileiro},
  year      = {2017},
  month     = {jun},
  number    = {2},
  pages     = {329--335},
  volume    = {26},
  doi       = {10.1590/s0104-12902017168321},
  publisher = {{FapUNIFESP} ({SciELO})},
}

@Article{Oliveira_2017,
  author    = {Ana Paula Cavalcante de Oliveira and Mariana Gabriel and Mario Roberto Dal Poz and Gilles Dussault},
  journal   = {Ci{\^{e}}ncia {\&} Sa{\'{u}}de Coletiva},
  title     = {Desafios para assegurar a disponibilidade e acessibilidade {\`{a}} assist{\^{e}}ncia m{\'{e}}dica no Sistema {\'{U}}nico de Sa{\'{u}}de},
  year      = {2017},
  month     = {apr},
  number    = {4},
  pages     = {1165--1180},
  volume    = {22},
  doi       = {10.1590/1413-81232017224.31382016},
  publisher = {{FapUNIFESP} ({SciELO})},
}

@Article{Almeida_Brasil_2016,
  author    = {Celline Cardoso Almeida-Brasil and Juliana de Oliveira Costa and Viviane Celestino Ferreira dos Santos Aguiar and Daniela Pena Moreira and Edgar Nunes de Moraes and Francisco de Assis Acurcio and Augusto Afonso Guerra J{\'{u}}nior and Juliana {\'{A}}lvares},
  journal   = {Cadernos de Sa{\'{u}}de P{\'{u}}blica},
  title     = {Acesso aos medicamentos para tratamento da doen{\c{c}}a de Alzheimer fornecidos pelo Sistema {\'{U}}nico de Sa{\'{u}}de em Minas Gerais, Brasil},
  year      = {2016},
  number    = {7},
  volume    = {32},
  doi       = {10.1590/0102-311x00060615},
  publisher = {{FapUNIFESP} ({SciELO})},
}

@Article{Viacava_2018,
  author    = {Francisco Viacava and Ricardo Antunes Dantas de Oliveira and Carolina de Campos Carvalho and Josu{\'{e}} Laguardia and Jaime Greg{\'{o}}rio Bellido},
  journal   = {Ci{\^{e}}ncia {\&} Sa{\'{u}}de Coletiva},
  title     = {{SUS}: oferta, acesso e utiliza{\c{c}}{\~{a}}o de servi{\c{c}}os de sa{\'{u}}de nos {\'{u}}ltimos 30 anos},
  year      = {2018},
  month     = {jun},
  number    = {6},
  pages     = {1751--1762},
  volume    = {23},
  doi       = {10.1590/1413-81232018236.06022018},
  publisher = {{FapUNIFESP} ({SciELO})},
}

@Comment{jabref-meta: databaseType:bibtex;}
